<record><leader>00000cas a2200000 a 4500</leader><controlfield tag="001">36134309</controlfield><controlfield tag="008">961226d18621867miuwr n       0    0eng c</controlfield><datafield ind1=" " ind2=" " tag="010"><subfield code="a">sn 96077391 </subfield></datafield><datafield ind1=" " ind2=" " tag="040"><subfield code="a">MHN</subfield><subfield code="b">eng</subfield><subfield code="c">MHN</subfield><subfield code="d">OCL</subfield><subfield code="d">OCLCQ</subfield><subfield code="d">OCLCF</subfield><subfield code="d">OCLCO</subfield></datafield><datafield ind1=" " ind2=" " tag="042"><subfield code="a">pcc</subfield></datafield><datafield ind1=" " ind2=" " tag="043"><subfield code="a">n-us-mi</subfield></datafield><datafield ind1="0" ind2=" " tag="130"><subfield code="a">Owosso press (Owosso, Mich. : 1862)</subfield></datafield><datafield ind1="1" ind2="4" tag="245"><subfield code="a">The Owosso press.</subfield></datafield><datafield ind1=" " ind2=" " tag="260"><subfield code="a">Owosso, Mich. :</subfield><subfield code="b">Hanchett &amp; Lyons</subfield></datafield><datafield ind1=" " ind2=" " tag="300"><subfield code="a">v.</subfield></datafield><datafield ind1=" " ind2=" " tag="310"><subfield code="a">Weekly</subfield></datafield><datafield ind1="1" ind2=" " tag="362"><subfield code="a">Began Sept. 1862.</subfield></datafield><datafield ind1="0" ind2=" " tag="362"><subfield code="a">-v. 5, no. 52 (Sept. 18, 1867).</subfield></datafield><datafield ind1=" " ind2=" " tag="588"><subfield code="a">Description based on: Vol. 1, no. 3 (Oct. 4, 1862).</subfield></datafield><datafield ind1=" " ind2="0" tag="651"><subfield code="a">Owosso (Mich.)</subfield><subfield code="v">Newspapers.</subfield></datafield><datafield ind1=" " ind2="0" tag="651"><subfield code="a">Shiawassee County (Mich.)</subfield><subfield code="v">Newspapers.</subfield></datafield><datafield ind1=" " ind2="7" tag="655"><subfield code="a">Newspapers.</subfield><subfield code="2">fast</subfield><subfield code="0">(OCoLC)fst01423814</subfield></datafield><datafield ind1=" " ind2="7" tag="651"><subfield code="a">Michigan</subfield><subfield code="z">Owosso.</subfield><subfield code="2">fast</subfield><subfield code="0">(OCoLC)fst01231829</subfield></datafield><datafield ind1=" " ind2="7" tag="651"><subfield code="a">Michigan</subfield><subfield code="z">Shiawassee County.</subfield><subfield code="2">fast</subfield><subfield code="0">(OCoLC)fst01214752</subfield></datafield><datafield ind1=" " ind2=" " tag="752"><subfield code="a">United States</subfield><subfield code="b">Michigan</subfield><subfield code="c">Shiawassee</subfield><subfield code="d">Owosso.</subfield></datafield><datafield ind1="0" ind2="0" tag="785"><subfield code="t">Owosso weekly press</subfield><subfield code="w">(DLC)sn 85033779</subfield><subfield code="w">(OCoLC)12264782</subfield></datafield></record>